@MISC{cudaGuide,
	TITLE        = "CUDA C Programming Guide",
	AUTHOR       = "NVIDIA",
	YEAR = "2013",
	MONTH = "July",
	URL = "http://docs.nvidia.com/cuda/pdf/CUDA\_C\_Programming\_Guide.pdf"
}

@MISC{jinx,
	TITLE        = "The Jinx Cluster",
	AUTHOR       = "Georgia Institute of Technology",
	YEAR = "2013",
	MONTH = "September",
	URL = "http://support.cc.gatech.edu/facilities/instructional-labs/jinx-cluster"
}

@ARTICLE{massiveGraphs,
	TITLE = "Engineering High-Performance Community Detection Heuristics for Massive Graphs",
	AUTHOR = "Christian L. Staudt and Henning Meyerhenke",
	YEAR = "2013",
	MONTH = "April",
	URL = "http://arxiv.org/pdf/1304.4453v1.pdf"
}

@ARTICLE{distributedCentrality,
	TITLE        = "A Space-Effcient Parallel Algorithm for
Computing Betweenness Centrality in
Distributed Memory",
	AUTHOR       = "Nick Edmonds and Torsten Hoefler and Andrew Lumsdaine",
	YEAR = "2010",
	JOURNAL = "2010 International Conference on High Performance Computing (HiPC)",
	URL = "http://htor.inf.ethz.ch/publications/img/edmonds-hoefler-lumsdaine-bc.pdf"
}

@ARTICLE{snapGraph,
	TITLE        = "SNAP, Small-world Network Analysis and Partitioning: an open-source parallel
graph framework for the exploration of large-scale networks",
	AUTHOR       = "David A. Bader and Kamesh Madduri",
	YEAR = "2009",
	JOURNAL = "22nd IEEE International Parallel and Distributed Processing Symposium (IPDPS)",
	URL = "http://www.cc.gatech.edu/~bader/papers/SNAP-IPDPS2008.pdf"
}

@MISC{cudaWarp,
	TITLE = "Accelerating CUDA Graph 
Algorithms at Maximum Warp",
	AUTHOR = "Sungpack Hong and Sang Kyun Kim and 
Tayo Oguntebi and Kunle Olukotun",
	YEAR = "2007",
	URL = "http://ppl.stanford.edu/papers/ppopp070a-slides.pdf"
}

@ARTICLE{evalCentrality,
	TITLE = "Evaluating Centrality Metrics in Real-World Networks on GPU",
	AUTHOR = "Anuroop Sriram and Kollu Gautham and Kishore Kothapalli and P. J. Narayan and R Govindarajulu",
	JOURNAL = "HiPC 2009",
	YEAR = "2009",
	URL = "http://www.hipc.org/hipc2009/documents/HIPCSS09Papers/1569256361.pdf"
}

@inproceedings{Sariyuce,
 author = {Sariy\"{u}ce, Ahmet Erdem and Kaya, Kamer and Saule, Erik and \c{C}ataly\"{u}rek, \"{U}mit V.},
 title = {Betweenness centrality on GPUs and heterogeneous architectures},
 booktitle = {Proceedings of the 6th Workshop on General Purpose Processor Using Graphics Processing Units},
 series = {GPGPU-6},
 year = {2013},
 isbn = {978-1-4503-2017-7},
 location = {Houston, Texas},
 pages = {76--85},
 numpages = {10},
 url = {http://doi.acm.org/10.1145/2458523.2458531},
 doi = {10.1145/2458523.2458531},
 acmid = {2458531},
 publisher = {ACM},
 address = {New York, NY, USA},
 keywords = {GPUs, betweenness, graph compression, heterogeneous computing, shared memory parallelism, virtual vertices},
}

@ARTICLE{Brandes01afaster,
    author = {Ulrik Brandes},
    title = {A Faster Algorithm for Betweenness Centrality},
    journal = {Journal of Mathematical Sociology},
    year = {2001},
    volume = {25},
    pages = {163--177}
}
